<record><leader>00000cas a2200000 a 4500</leader><controlfield tag="001">10341764</controlfield><controlfield tag="008">840126d18421842miudn ne      0    0eng c</controlfield><datafield ind1=" " ind2=" " tag="010"><subfield code="a">sn 84025810 </subfield></datafield><datafield ind1=" " ind2=" " tag="040"><subfield code="a">NPV</subfield><subfield code="b">eng</subfield><subfield code="c">NPV</subfield><subfield code="d">NPX</subfield><subfield code="d">NYS</subfield><subfield code="d">MHN</subfield><subfield code="d">OCL</subfield><subfield code="d">UBY</subfield><subfield code="d">OCLCQ</subfield><subfield code="d">OCLCF</subfield><subfield code="d">OCLCO</subfield></datafield><datafield ind1="1" ind2=" " tag="029"><subfield code="a">AU@</subfield><subfield code="b">000020120245</subfield></datafield><datafield ind1=" " ind2=" " tag="042"><subfield code="a">pcc</subfield></datafield><datafield ind1=" " ind2=" " tag="043"><subfield code="a">n-us-mi</subfield></datafield><datafield ind1=" " ind2=" " tag="045"><subfield code="a">w4w4</subfield></datafield><datafield ind1="1" ind2="4" tag="050"><subfield code="a">F574.D4</subfield><subfield code="b">D471x</subfield></datafield><datafield ind1=" " ind2=" " tag="052"><subfield code="a">4113</subfield><subfield code="b">W7</subfield></datafield><datafield ind1="0" ind2=" " tag="130"><subfield code="a">Daily free press (Detroit, Mich. : 1842)</subfield></datafield><datafield ind1="1" ind2="0" tag="245"><subfield code="a">Daily free press.</subfield></datafield><datafield ind1=" " ind2=" " tag="260"><subfield code="a">Detroit, Mich :</subfield><subfield code="b">A.S. Bagg and J.H. Harmon,</subfield><subfield code="c">1842.</subfield></datafield><datafield ind1=" " ind2=" " tag="300"><subfield code="a">1 v.</subfield></datafield><datafield ind1=" " ind2=" " tag="310"><subfield code="a">Daily (except Sunday)</subfield></datafield><datafield ind1="0" ind2=" " tag="362"><subfield code="a">Vol. 5, no. 206 (Jan. 28, 1842)-v. 5, no. 233 (Mar. 1, 1842).</subfield></datafield><datafield ind1=" " ind2=" " tag="580"><subfield code="a">Weekly ed.: Democratic free press (Detroit, Mich. : Weekly).</subfield></datafield><datafield ind1=" " ind2="0" tag="651"><subfield code="a">Detroit (Mich.)</subfield><subfield code="v">Newspapers.</subfield></datafield><datafield ind1=" " ind2="0" tag="651"><subfield code="a">Wayne County (Mich.)</subfield><subfield code="v">Newspapers.</subfield></datafield><datafield ind1=" " ind2="7" tag="655"><subfield code="a">Newspapers.</subfield><subfield code="2">fast</subfield><subfield code="0">(OCoLC)fst01423814</subfield></datafield><datafield ind1=" " ind2="7" tag="651"><subfield code="a">Michigan</subfield><subfield code="z">Detroit.</subfield><subfield code="2">fast</subfield><subfield code="0">(OCoLC)fst01205010</subfield></datafield><datafield ind1=" " ind2="7" tag="651"><subfield code="a">Michigan</subfield><subfield code="z">Wayne County.</subfield><subfield code="2">fast</subfield><subfield code="0">(OCoLC)fst01206628</subfield></datafield><datafield ind1=" " ind2=" " tag="752"><subfield code="a">United States</subfield><subfield code="b">Michigan</subfield><subfield code="c">Wayne</subfield><subfield code="d">Detroit.</subfield></datafield><datafield ind1="1" ind2=" " tag="775"><subfield code="t">Democratic free press (Detroit, Mich. : Weekly)</subfield><subfield code="w">(DLC)sn 83016732</subfield><subfield code="w">(OCoLC)10079455</subfield></datafield><datafield ind1="0" ind2="0" tag="780"><subfield code="t">Detroit daily free press (Detroit, Mich. : 1842)</subfield><subfield code="w">(DLC)sn 84025809</subfield><subfield code="w">(OCoLC)10344485</subfield></datafield><datafield ind1="0" ind2="0" tag="785"><subfield code="t">Democratic free press (Detroit, Mich. : 1842)</subfield><subfield code="w">(DLC)sn 83016693</subfield><subfield code="w">(OCoLC)2260192</subfield></datafield></record>